<?xml version="1.0" encoding="UTF-8" standalone="yes"?>
<Document xmlns="urn:iso:std:iso:20022:tech:xsd:pain.008.001.02" xmlns:xsi="http://www.w3.org/2001/XMLSchema-instance" xsi:schemaLocation="urn:iso:std:iso:20022:tech:xsd:pain.008.001.02 pain.008.001.02.xsd">
  <CstmrDrctDbtInitn>
    <GrpHdr>
      <MsgId>2021-12-04T11:21:26.583Z</MsgId>
      <CreDtTm>2021-12-04T11:21:26.594Z</CreDtTm>
      <NbOfTxs>2</NbOfTxs>
      <CtrlSum>3.33</CtrlSum>
      <InitgPty>
        <Nm>initName</Nm>
      </InitgPty>
    </GrpHdr>
    <PmtInf>
      <PmtInfId>2021-12-04T11:21:26.583Z</PmtInfId>
      <PmtMtd>DD</PmtMtd>
      <NbOfTxs>2</NbOfTxs>
      <CtrlSum>3.33</CtrlSum>
      <PmtTpInf>
        <SvcLvl>
          <Cd>SEPA</Cd>
        </SvcLvl>
        <LclInstrm>
          <Cd>CORE</Cd>
        </LclInstrm>
        <SeqTp>RCUR</SeqTp>
      </PmtTpInf>
      <ReqdColltnDt>2021-12-04</ReqdColltnDt>
      <Cdtr>
        <Nm>initName</Nm>
      </Cdtr>
      <CdtrAcct>
        <Id>
          <IBAN>DE12500105170648489890</IBAN>
        </Id>
      </CdtrAcct>
      <CdtrAgt>
        <FinInstnId>
          <BIC>INGDDEFF</BIC>
        </FinInstnId>
      </CdtrAgt>
      <ChrgBr>SLEV</ChrgBr>
      <CdtrSchmeId>
        <Id>
          <PrvtId>
            <Othr>
              <Id>DE98ZZZ09999999999</Id>
              <SchmeNm>
                <Prtry>SEPA</Prtry>
              </SchmeNm>
            </Othr>
          </PrvtId>
        </Id>
      </CdtrSchmeId>
      <DrctDbtTxInf>
        <PmtId>
          <EndToEndId>id 1</EndToEndId>
        </PmtId>
        <InstdAmt Ccy="EUR">1.11</InstdAmt>
        <DrctDbtTx>
          <MndtRltdInf>
            <MndtId>mref1</MndtId>
            <DtOfSgntr>2021-01-01</DtOfSgntr>
          </MndtRltdInf>
        </DrctDbtTx>
        <DbtrAgt>
          <FinInstnId>
            <BIC>NOTPROVIDED</BIC>
          </FinInstnId>
        </DbtrAgt>
        <Dbtr>
          <Nm>Creditor 1</Nm>
        </Dbtr>
        <DbtrAcct>
          <Id>
            <IBAN>AT483200000012345864</IBAN>
          </Id>
        </DbtrAcct>
        <RmtInf>
          <Ustrd>purpose 1</Ustrd>
        </RmtInf>
      </DrctDbtTxInf>
      <DrctDbtTxInf>
        <PmtId>
          <EndToEndId>id 2</EndToEndId>
        </PmtId>
        <InstdAmt Ccy="EUR">2.22</InstdAmt>
        <DrctDbtTx>
          <MndtRltdInf>
            <MndtId>mref2</MndtId>
            <DtOfSgntr>2021-02-02</DtOfSgntr>
          </MndtRltdInf>
        </DrctDbtTx>
        <DbtrAgt>
          <FinInstnId>
            <BIC>NOTPROVIDED</BIC>
          </FinInstnId>
        </DbtrAgt>
        <Dbtr>
          <Nm>Creditor 2</Nm>
        </Dbtr>
        <DbtrAcct>
          <Id>
            <IBAN>CH5604835012345678009</IBAN>
          </Id>
        </DbtrAcct>
        <RmtInf>
          <Ustrd>purpose 2</Ustrd>
        </RmtInf>
      </DrctDbtTxInf>
    </PmtInf>
  </CstmrDrctDbtInitn>
</Document>