<?xml version="1.0" encoding="UTF-8" standalone="yes"?>
<Document xmlns="urn:iso:std:iso:20022:tech:xsd:pain.001.001.03" xmlns:xsi="http://www.w3.org/2001/XMLSchema-instance" xsi:schemaLocation="urn:iso:std:iso:20022:tech:xsd:pain.001.001.03 pain.001.001.03.xsd">
  <CstmrCdtTrfInitn>
    <GrpHdr>
      <MsgId>my msg id</MsgId>
      <CreDtTm>2021-12-05T09:04:35.586Z</CreDtTm>
      <NbOfTxs>2</NbOfTxs>
      <CtrlSum>3.33</CtrlSum>
      <InitgPty>
        <Nm>John Doe - Debitor</Nm>
      </InitgPty>
    </GrpHdr>
    <PmtInf>
      <PmtInfId>my msg id</PmtInfId>
      <PmtMtd>TRF</PmtMtd>
      <BtchBookg>true</BtchBookg>
      <NbOfTxs>2</NbOfTxs>
      <CtrlSum>3.33</CtrlSum>
      <ReqdExctnDt>2021-12-05</ReqdExctnDt>
      <Dbtr>
        <Nm>John Doe - Debitor</Nm>
      </Dbtr>
      <DbtrAcct>
        <Id>
          <IBAN>DE12500105170648489890</IBAN>
        </Id>
      </DbtrAcct>
      <DbtrAgt>
        <FinInstnId>
          <BIC>INGDDEFF</BIC>
        </FinInstnId>
      </DbtrAgt>
      <ChrgBr>SLEV</ChrgBr>
      <CdtTrfTxInf>
        <PmtId>
          <EndToEndId>id 1</EndToEndId>
        </PmtId>
        <Amt>
          <InstdAmt Ccy="EUR">1.11</InstdAmt>
        </Amt>
        <Cdtr>
          <Nm>Creditor 1</Nm>
        </Cdtr>
        <CdtrAcct>
          <Id>
            <IBAN>AT483200000012345864</IBAN>
          </Id>
        </CdtrAcct>
        <RmtInf>
          <Ustrd>purpose 1</Ustrd>
        </RmtInf>
      </CdtTrfTxInf>
      <CdtTrfTxInf>
        <PmtId>
          <EndToEndId>id 2</EndToEndId>
        </PmtId>
        <Amt>
          <InstdAmt Ccy="EUR">2.22</InstdAmt>
        </Amt>
        <Cdtr>
          <Nm>Creditor 2</Nm>
        </Cdtr>
        <CdtrAcct>
          <Id>
            <IBAN>CH5604835012345678009</IBAN>
          </Id>
        </CdtrAcct>
        <RmtInf>
          <Ustrd>purpose 2</Ustrd>
        </RmtInf>
      </CdtTrfTxInf>
    </PmtInf>
  </CstmrCdtTrfInitn>
</Document>